@book{ResearchGate,
  title={Discretization},
  author={Timm Faulwasser},
  url={https://www.researchgate.net/post/What_is_the_difference_between_model_predictive_control_MPC_and_optimization},
  year=2015,
  publisher={ResearchGate}
}

@book{Wikipedia,
  title={Model Predictive Control},
  url={https://en.wikipedia.org/wiki/Model_predictive_control},
  year=27.12.2017,
  publisher={Wikipedia}
}